<?xml version="1.0" encoding="UTF-8"?><record xmlns="http://www.loc.gov/MARC21/slim" xmlns:cinclude="http://apache.org/cocoon/include/1.0" xmlns:zs="http://www.loc.gov/zing/srw/">
  <leader>00514nz  a2200145n  4500</leader>
  <controlfield tag="001">n 2014031091</controlfield>
  <controlfield tag="003">DLC</controlfield>
  <controlfield tag="005">20140602093259.0</controlfield>
  <controlfield tag="008">140602n| azannaabn          |n aaa      </controlfield>
  <datafield tag="010" ind1=" " ind2=" ">
    <subfield code="a">n 2014031091</subfield>
  </datafield>
  <datafield tag="040" ind1=" " ind2=" ">
    <subfield code="a">DLC</subfield>
    <subfield code="b">eng</subfield>
    <subfield code="e">rda</subfield>
    <subfield code="c">DLC</subfield>
  </datafield>
  <datafield tag="100" ind1="1" ind2=" ">
    <subfield code="a">Rangarajan, Padma</subfield>
  </datafield>
  <datafield tag="371" ind1=" " ind2=" ">
    <subfield code="m">rangarap@colorado.edu</subfield>
  </datafield>
  <datafield tag="373" ind1=" " ind2=" ">
    <subfield code="a">University of Colorado, Boulder</subfield>
  </datafield>
  <datafield tag="670" ind1=" " ind2=" ">
    <subfield code="a">Imperial Babel, 2014:</subfield>
    <subfield code="b">ECIP t.p. (Padma Rangarajan) data view (Assistant Professor of English at the University of Colorado, Boulder ; email: rangarap@colorado.edu)</subfield>
  </datafield>
</record>